@article{al2019irspot,
  title={iRSpot-SF: Prediction of recombination hotspots by incorporating sequence based features into Chou's Pseudo components},
  author={Al Maruf, Md Abdullah and Shatabda, Swakkhar},
  journal={Genomics},
  volume={111},
  number={4},
  pages={966--972},
  year={2019},
  publisher={Elsevier}
},
@article{yang2018irspot,
  title={iRSpot-Pse6NC: Identifying recombination spots in Saccharomyces cerevisiae by incorporating hexamer composition into general PseKNC},
  author={Yang, Hui and Qiu, Wang-Ren and Liu, Guoqing and Guo, Feng-Biao and Chen, Wei and Chou, Kuo-Chen and Lin, Hao},
  journal={International journal of biological sciences},
  volume={14},
  number={8},
  pages={883},
  year={2018},
  publisher={Ivyspring International Publisher}
}